<?xml version="1.0" encoding="UTF-8"?><collection xmlns="http://www.loc.gov/MARC21/slim"><record><leader>00388nam--2200133-i-4500</leader><controlfield tag="001">000035550</controlfield><controlfield tag="002">20161230</controlfield><controlfield tag="005">20161230201040</controlfield><controlfield tag="008">060222s1000------------r-----000-0-eng-d</controlfield><datafield ind1=" " ind2=" " tag="080"><subfield code="a">658.3.041</subfield></datafield><datafield ind1=" " ind2=" " tag="100"><subfield code="a">Murthy, P.N. And Gupta, Vijay</subfield></datafield><datafield ind1=" " ind2=" " tag="245"><subfield code="a">An introduction engineering design method</subfield></datafield><datafield ind1=" " ind2=" " tag="260"><subfield code="a">New Delhi, Tata Mcgraw-hill Publishing Company Limited, 1980, X + 206p</subfield></datafield><datafield ind1=" " ind2=" " tag="852"><subfield code="a">71255</subfield></datafield></record></collection>